@book{KnuthAOCP2,
 author = {Knuth, Donald E.},
 title = {The Art of Computer Programming, Volume 2 (3rd Ed.): Seminumerical Algorithms},
 year = {1997},
 isbn = {0-201-89684-2},
 publisher = {Addison-Wesley Longman Publishing Co., Inc.},
 address = {Boston, MA, USA},
} 

@article{Hoare1961,
 author = {Hoare, C. A. R.},
 title = {Algorithm 64: {Q}uicksort},
 journal = {Commun. ACM},
 issue_date = {July 1961},
 volume = {4},
 number = {7},
 month = jul,
 year = {1961},
 issn = {0001-0782},
 pages = {321},
 url = {http://doi.acm.org/10.1145/366622.366644},
 doi = {10.1145/366622.366644},
 acmid = {366644},
 publisher = {ACM},
 address = {New York, NY, USA},
}

@online{Graphics2D,
 author = {},
 key = {Java SE Documentation - Graphics},
 title = {Class Graphics2D},
 publisher = {Oracle},
 year = {2016},
 cited = {2016/03/09},
 note = {Java {SE} Documentation},
 url = {https://docs.oracle.com/javase/7/docs/api/java/awt/Graphics2D.html}
}

@online{ProjektVsProces,
 author = {Jakub Brada},
 key = {Byznys blog - projekt vs. proces},
 title = {Projekt vs. proces},
 publisher = {ApuTime blog},
 year = {2020},
 cited = {2021/03/10},
 note = {},
 url = {https://blog.aputime.com/post/projekt-vs-proces}
}

@online{ProcesniAProjektoveRizeni,
 author = {Jan Duda},
 key = {Procesní a projektové řízení},
 title = {Procesní a projektové řízení},
 publisher = {management.cz},
 year = {2014},
 cited = {2021/03/10},
 note = {},
 url = {http://www.management.cz/procesni-a-projektove-rizeni/}
}

@online{ZivotniCyklusInformacnihoSystemu,
 author = {RNDr. JUDr. Vladimír Šmíd, CSc.},
 key = {Životní cyklus informačního systému},
 title = {Životní cyklus informačního systému},
 publisher = {Fakulta informatiky Masarykova Univerzity},
 year = {2016},
 cited = {2021/03/10},
 note = {},
 url = {https://www.fi.muni.cz/~smid/mis-zivcyk.htm}
}

@online{JakTestovatSoftwareProJuniory,
 author = {Radek Kitner},
 key = {Jak testovat software (pro junior testery)},
 title = {Životní cyklus informačního systému},
 publisher = {Kitner.cz},
 year = {2018},
 cited = {2021/03/10},
 note = {},
 url = {https://kitner.cz/testovani_softwaru/jak-testovat-software/}
}

@online{AgileManifest,
 author = {Kent Beck},
 key = {Manifest Agilního vývoje software},
 title = {Manifest Agilního vývoje software},
 publisher = {The Agile Alliance},
 year = {2001},
 cited = {2021/03/10},
 note = {},
 url = {http://agilemanifesto.org/iso/cs/manifesto.html}
}

@online{SCRUMImg,
 author = {},
 key = {Understanding Agile Scrum in 10 minutes},
 title = {Understanding Agile Scrum in 10 minutes},
 publisher = {Tuleap},
 year = {2019},
 cited = {2021/03/10},
 note = {},
 url = {https://www.tuleap.org/agile/agile-scrum-in-10-minutes/}
}

@online{vodopad,
 author = {},
 key = {Vodopádový model (Waterfall model)},
 title = {Vodopádový model (Waterfall model)},
 publisher = {ManagementMania.com},
 year = {2015},
 cited = {2021/03/10},
 note = {},
 url = {https://managementmania.com/cs/vodopadovy-model-waterfall-model}
}

@online{metodiky,
 author = {Lukáš Grossmann},
 key = {Metodiky vývoje softwaru},
 title = {Metodiky vývoje softwaru},
 publisher = {itnetwork.cz},
 year = {2020},
 cited = {2021/03/10},
 note = {},
 url = {https://www.itnetwork.cz/navrh/metodiky}
}

@book{RUPbook,
 author = {P. Kroll , P. Kruchten},
 title = {The Rational Unified Process made easy: A practitioner’s guide to the RUP},
 year = {2003},
 isbn = {0-321-16609-4},
 publisher = {Addison-Wesley},
 address = {Boston, MA, USA}
}

@online{CICD,
 author = {Tony Eneh},
 key = {Most popular CI/CD pipelines and tools},
 title = {Most popular CI/CD pipelines and tools},
 publisher = {medium.com},
 year = {2019},
 cited = {2021/03/10},
 note = {},
 url = {https://medium.com/faun/most-popular-ci-cd-pipelines-and-tools-ccfdce429867}
}

@book{picha,
    author = {P. Pícha},
    title = {Detecting software development process patterns in project data},
    year = {2019},
    isbn = {0-321-16609-4},
    publisher = {Addison-Wesley},
    address = {Boston, MA, USA}
}

@book{antipatterns,
    author = {Phillip A. Laplante Colin J. Neill},
    title = {Antipatterns, Identification, Refactoring, and Management},
    year = {2006},
    isbn = {0-8493-2994-9},
    publisher = {CRC Press},
    address = {Boca Raton, FL, USA}
}

@book{antipatterns2,
    author = {William J. Brown},
    title = {AntiPatterns, Refactoring Software, Architectures, and Projects in Crisis},
    year = {1998},
    isbn = {0−471−19713−0},
    publisher = {Robert Ipsen}
}

@online{datawarehouse,
 author = {},
 key = {What is a data warehouse?},
 title = {What is a data warehouse?},
 publisher = {Amazon},
 year = {2019},
 cited = {2021/04/21},
 note = {},
 url = {https://aws.amazon.com/data-warehouse/}
}

@online{scm,
 author = {},
 key = {What is a data warehouse?},
 title = {What is a data warehouse?},
 publisher = {Amazon},
 year = {2019},
 cited = {2021/04/21},
 note = {},
 url = {https://dzone.com/refcardz/software-configuration?chapter=1}
}

@online{patterns_classes,
 author = {},
 key = {What is a data warehouse?},
 title = {What is a data warehouse?},
 publisher = {Amazon},
 year = {2019},
 cited = {2021/04/21},
 note = {},
 url = {https://www.microtool.de/en/knowledge-base/what-are-patterns-in-agile-project-management/}
}

@online{architecture_antipatterns,
 author = {},
 key = {What is a data warehouse?},
 title = {What is a data warehouse?},
 publisher = {Amazon},
 year = {2019},
 cited = {2021/04/21},
 note = {},
 url = {https://sourcemaking.com/antipatterns/software-architecture-antipatterns}
}

@online{indiferent_specialist,
 author = {},
 key = {What is a data warehouse?},
 title = {What is a data warehouse?},
 publisher = {Amazon},
 year = {2019},
 cited = {2021/04/21},
 note = {},
 url = {http://www.ambysoft.com/essays/discussionListAntiPatterns.html}
}

@online{project_plan,
 author = {},
 key = {What is a data warehouse?},
 title = {What is a data warehouse?},
 publisher = {Amazon},
 year = {2019},
 cited = {2021/04/21},
 note = {},
 url = {https://managementmania.com/cs/plan-projektu}
}

@article{scrum_but_anti_patterns,
 author = {Hoare, C. A. R.},
 title = {Algorithm 64: {Q}uicksort},
 journal = {Commun. ACM},
 issue_date = {July 1961},
 volume = {4},
 number = {7},
 month = jul,
 year = {1961},
 issn = {0001-0782},
 pages = {321},
 url = {https://www.sciencedirect.com/science/article/pii/S0950584915002050},
 doi = {10.1145/366622.366644},
 acmid = {366644},
 publisher = {ACM},
 address = {New York, NY, USA},
}

@online{specify_nothing,
 author = {},
 key = {What is a data warehouse?},
 title = {What is a data warehouse?},
 publisher = {Amazon},
 year = {2019},
 cited = {2021/04/21},
 note = {},
 url = {http://wiki.c2.com/?SpecifyNothing}
}

@book{ninety_ninety,
    author = {William J. Brown},
    title = {AntiPatterns, Refactoring Software, Architectures, and Projects in Crisis},
    year = {1998},
    isbn = {0−471−19713−0},
    publisher = {Mantle, Micky W.; Lichter, Ron (2012), Managing the unmanageable, Addison Wesley, ISBN 978-0-321-82203-1}
}

@online{sprint_length,
 author = {},
 key = {What is a data warehouse?},
 title = {What is a data warehouse?},
 publisher = {Amazon},
 year = {2019},
 cited = {2021/04/21},
 note = {},
 url = {https://agilepm.com/the-ideal-iteration-length-revealed}
}


@book{dp_bezdek,
    author = {William J. Brown},
    title = {AntiPatterns, Refactoring Software, Architectures, and Projects in Crisis},
    year = {1998},
    isbn = {0−471−19713−0},
    publisher = {Robert Ipsen}
}